[1] @article{atkinson2012armed,
  title={When do armed revolts succeed: lessons from Lanchester theory},
  author={Atkinson, Michael P and Gutfraind, Alexander and Kress, Moshe},
  journal={Journal of the Operational Research Society},
  volume={63},
  number={10},
  pages={1363--1373},
  year={2012},
  publisher={Taylor \& Francis}
}


@article{deitchman1962lanchester,
  title={A Lanchester model of guerrilla warfare},
  author={Deitchman, Seymour J},
  journal={Operations Research},
  volume={10},
  number={6},
  pages={818--827},
  year={1962},
  publisher={INFORMS}
}

@article{schaffer1968lanchester,
  title={Lanchester models of guerrilla engagements},
  author={Schaffer, Marvin B},
  journal={Operations Research},
  volume={16},
  number={3},
  pages={457--488},
  year={1968},
  publisher={INFORMS}
}


@book{washburn2009combat,
  title={Combat modeling},
  author={Washburn, Alan R and Kress, Moshe and others},
  volume={139},
  year={2009},
  publisher={Springer}
}

@article{kress2009defeating,
  title={Why defeating insurgencies is hard: The effect of intelligence in counterinsurgency operationsâ€”A best-case scenario},
  author={Kress, Moshe and Szechtman, Roberto},
  journal={Operations Research},
  volume={57},
  number={3},
  pages={578--585},
  year={2009},
  publisher={INFORMS}
}
